% http://newton.ex.ac.uk/tex/pack/bibtex/btxdoc/node6.html

% ISBNtoBIBITEX http://manas.tungare.name/software/isbn-to-bibtex/


@misc{bib.phpbb.history,
  title = {phpBB history},
  note = {\url{http://www.phpbb.com/about/history/}},
},
@misc{bib.phpbb.secunia,
  title = {phpBB security problemen},
  note = {\url{http://secunia.com/advisories/product/17998/?task=statistics}},
},
@misc{bib.phpbb.2word3,
title = {phpBB 2.2 is no more ... meet Olympus},
note = {\url{http://www.phpbb.com/community/viewtopic.php?f=14&t=256072}},
},
@misc{bib.phpbb.history.2011,
title = {phpBB 2.0.11 released - Critical update},
note = {\url{http://www.phpbb.com/community/viewtopic.php?f=14&t=240636}},
},
@misc{bib.phpbb.history.2011a,
title = {howdark.com exploits - follow up},
note = {\url{http://www.phpbb.com/community/viewtopic.php?f=14&t=240513}},
},
@misc{bib.phpbb.history.2011b,
title = {phpBB 2.0.11 upgrade reminder},
note = {\url{http://www.phpbb.com/community/viewtopic.php?f=14&t=244451}},
},
@misc{bib.phpbb.history.google,
title = {Google stops spread of Santy worm},
note = {\url{http://www.zdnet.co.uk/news/security-management/2004/12/22/google-stops-spread-of-santy-worm-39181937/}},
},
@misc{bib.phpbb.history.2012,
title={phpBB 2.0.12 released},
note={\url{http://www.phpbb.com/community/viewtopic.php?f=14&t=265423}},
},
@misc{bib.phpbb.history.2011c,
title={Santy worm makes unwelcome visit},
note={\url{http://news.bbc.co.uk/2/hi/technology/4117711.stm}},
}

@misc{bib.phpbb.codingguidelines,
title={phpBB Coding Guidelines},
note={\url{http://area51.phpbb.com/docs/30x/coding-guidelines.html}},
}

@misc{bib.php.magic,
title={"Magic Quotes in php"},
note={\url{http://php.net/manual/en/security.magicquotes.php}},
}
@misc{bib.php.prep,
title={"Voorbeeld van prepared statements in PHP met PDO},
note={\url{http://www.php.net/manual/en/pdo.prepared-statements.php}},
}
@misc{bib.digid,
title={"Blunder logius maakt DigiD-fraude kinderspel"},
note={\url{http://webwereld.nl/nieuws/108107/lek1--blunder-logius-maakt-digid-fraude-kinderspel.html}},
}
@misc{bib.md5.col,
title={"Predicting the winner of the 2008 US Presidential Elections using a Sony PlayStation 3"},
note={\url{http://www.win.tue.nl/hashclash/Nostradamus/}}
}
@misc{bib.phpass,
title={"Portable PHP password hashing framework"},
note={\url{http://www.openwall.com/phpass/}}
}
@misc{bib.phpass.art,
title={"How to manage a PHP application's users and passwords"},
note={\url{http://www.openwall.com/articles/PHP-Users-Passwords}}
}

@misc{bib.minvws.epdbezwaar,
title={"Bezwaarprocedure EPD"},
note={\url{http://www.rijksoverheid.nl/documenten-en-publicaties/kamerstukken/2008/12/19/bezwaarprocedure-epd.html}}
}
@misc{bib.minvws.CPSUZI,
title={"Certification Practice Statement (CPS)"},
note={\url{http://www.uziregister.nl/doc/pdf/CPS\%20UZI-register\%20(UZ52.01)_28435.pdf}}
}
@misc{bib.logius.pve,
title={"Programma van Eisen"},
note={\url{http://www.logius.nl/producten/toegang/pkioverheid/aansluiten/programma-van-eisen/}},
}
@misc{bib.webwereld.diginotar1,
title={\"{}Iran kan Gmail aftappen door Nederlands certificaat"},
note={\url{http://webwereld.nl/nieuws/107747/iran-kan-gmail-aftappen-door-nederlands-certificaat--update-2--.html}},
}
@misc{bib.webwereld.diginotar2,
title={"DigiNotar: mogelijk nog valse certificaten in omloop"},
note={\url{http://webwereld.nl/nieuws/107764/diginotar--mogelijk-nog-valse-certificaten-in-omloop.html}}
}
@misc{bib.webwereld.diginotar3,
title={"Google onthult 247 valse DigiNotar certificaten"},
note={\url{http://webwereld.nl/nieuws/107790/google-onthult-247-valse-diginotar-certificaten.html}}
}
@misc{bib.foxit,
title={"DigiNotar public report version 1"},
note={\url{http://www.rijksoverheid.nl/documenten-en-publicaties/rapporten/2011/09/05/diginotar-public-report-version-1.html}}
}
@misc{bib.webwereld.diginotar4,
title={"Nederlandse overheid doet Diginotar in de ban"},
note={\url{http://webwereld.nl/nieuws/107809/nederlandse-overheid-doet-diginotar-in-de-ban.html}}
}
@misc{bib.tweakers.opstelten,
title={"Minister vindt afhankelijkheid van securitybedrijven onwenselijk"},
note={\url{http://tweakers.net/nieuws/77552/minister-vindt-afhankelijkheid-van-securitybedrijven-onwenselijk.html}}
}
@misc{bib.tweakers.gemeente,
title={"Vijftig gemeentesites blijken nauwelijks beveiligd"},
note={\url{http://tweakers.net/nieuws/77290/vijftig-gemeentesites-blijken-nauwelijks-beveiligd.html}}
}
@misc{bib.tweakers.politie,
title={"Rekenkamer: 'Ict-systemen politie niet echt gebruiksvriendelijk'"},
note={\url{http://tweakers.net/nieuws/74867/rekenkamer-ict-systemen-politie-niet-echt-gebruiksvriendelijk.html}},
}