% http://newton.ex.ac.uk/tex/pack/bibtex/btxdoc/node6.html

% ISBNtoBIBITEX http://manas.tungare.name/software/isbn-to-bibtex/


@misc{bib.phpbb.history,
  title = {phpBB history},
  note = {\url{http://www.phpbb.com/about/history/}},
}