% http://newton.ex.ac.uk/tex/pack/bibtex/btxdoc/node6.html

% ISBNtoBIBITEX http://manas.tungare.name/software/isbn-to-bibtex/


@misc{bib.phpbb.history,
  title = {phpBB history},
  note = {\url{http://www.phpbb.com/about/history/}},
},
@misc{bib.phpbb.secunia,
  title = {phpBB security problemen},
  note = {\url{http://secunia.com/advisories/product/17998/?task=statistics}},
},
@misc{bib.phpbb.2word3,
title = {phpBB 2.2 is no more ... meet Olympus},
note = {\url{http://www.phpbb.com/community/viewtopic.php?f=14&t=256072}},
},
@misc{bib.phpbb.history.2011,
title = {phpBB 2.0.11 released - Critical update},
note = {\url{http://www.phpbb.com/community/viewtopic.php?f=14&t=240636}},
},
@misc{bib.phpbb.history.2011a,
title = {howdark.com exploits - follow up},
note = {\url{http://www.phpbb.com/community/viewtopic.php?f=14&t=240513}},
},
@misc{bib.phpbb.history.2011b,
title = {phpBB 2.0.11 upgrade reminder},
note = {\url{http://www.phpbb.com/community/viewtopic.php?f=14&t=244451}},
},
@misc{bib.phpbb.history.google,
title = {Google stops spread of Santy worm},
note = {\url{http://www.zdnet.co.uk/news/security-management/2004/12/22/google-stops-spread-of-santy-worm-39181937/}},
},
@misc{bib.phpbb.history.2012,
title={phpBB 2.0.12 released},
note={\url{http://www.phpbb.com/community/viewtopic.php?f=14&t=265423}},
},
@misc{bib.phpbb.history.2011c,
title={Santy worm makes unwelcome visit},
note={\url{http://news.bbc.co.uk/2/hi/technology/4117711.stm}},
}

@misc{bib.phpbb.codingguidelines,
title={phpBB Coding Guidelines},
note={\url{http://area51.phpbb.com/docs/30x/coding-guidelines.html}},
}

@misc{bib.php.magic,
title={"Magic Quotes in php"},
note={\url{http://php.net/manual/en/security.magicquotes.php}},
}
@misc{bib.php.prep,
title={"Voorbeeld van prepared statements in PHP met PDO},
note={\url{http://www.php.net/manual/en/pdo.prepared-statements.php}},
}
@misc{bib.digid,
title={"Blunder logius maakt DigiD-fraude kinderspel"},
note={\url{http://webwereld.nl/nieuws/108107/lek1--blunder-logius-maakt-digid-fraude-kinderspel.html}},
}
@misc{bib.md5.col,
title={"Predicting the winner of the 2008 US Presidential Elections using a Sony PlayStation 3"},
note={\url{http://www.win.tue.nl/hashclash/Nostradamus/}}
}
@misc{bib.phpass,
title={"Portable PHP password hashing framework"},
note={\url{http://www.openwall.com/phpass/}}.
}
@misc{bib.phpass.art,
title={"How to manage a PHP application's users and passwords"},
note={\url{http://www.openwall.com/articles/PHP-Users-Passwords}}
}

@misc{bib.wikipedia.ie6,
title={"Internet Explorer 6"},
note={\url{http://en.wikipedia.org/wiki/Internet_Explorer_6}}
}