% http://newton.ex.ac.uk/tex/pack/bibtex/btxdoc/node6.html

% ISBNtoBIBITEX http://manas.tungare.name/software/isbn-to-bibtex/


@misc{bib.phpbb.history,
  title = {phpBB history},
  note = {\url{http://www.phpbb.com/about/history/}},
},
@misc{bib.phpbb.secunia,
  title = {phpBB security problemen},
  note = {\url{http://secunia.com/advisories/product/17998/?task=statistics}},
},
@misc{bib.phpbb.2word3,
title = {phpBB 2.2 is no more ... meet Olympus},
note = {\url{http://www.phpbb.com/community/viewtopic.php?f=14&t=256072}},
},
@misc{bib.phpbb.history.2011,
title = {phpBB 2.0.11 released - Critical update},
note = {\url{http://www.phpbb.com/community/viewtopic.php?f=14&t=240636}},
},
@misc{bib.phpbb.history.2011a,
title = {howdark.com exploits - follow up},
note = {\url{http://www.phpbb.com/community/viewtopic.php?f=14&t=240513}},
},
@misc{bib.phpbb.history.2011b,
title = {phpBB 2.0.11 upgrade reminder},
note = {\url{http://www.phpbb.com/community/viewtopic.php?f=14&t=244451}},
},
@misc{bib.phpbb.history.google,
title = {Google stops spread of Santy worm},
note = {\url{http://www.zdnet.co.uk/news/security-management/2004/12/22/google-stops-spread-of-santy-worm-39181937/}},
},
@misc{bib.phpbb.history.2012,
title={phpBB 2.0.12 released},
note={\url{http://www.phpbb.com/community/viewtopic.php?f=14&t=265423}},
},
@misc{bib.phpbb.history.2011c,
title={Santy worm makes unwelcome visit},
note={\url{http://news.bbc.co.uk/2/hi/technology/4117711.stm}},
}